<?xml version="1.0" encoding="UTF-8"?><collection xmlns="http://www.loc.gov/MARC21/slim"><record><leader>00410nam--2200145-i-4500</leader><controlfield tag="001">000023661</controlfield><controlfield tag="002">20161230</controlfield><controlfield tag="005">20161230201035</controlfield><controlfield tag="008">060222s1000------------r-----000-0-eng-d</controlfield><datafield ind1=" " ind2=" " tag="080"><subfield code="a">621.375.826(035.5):</subfield></datafield><datafield ind1=" " ind2=" " tag="245"><subfield code="a">Hanbook of chemical lasers</subfield></datafield><datafield ind1=" " ind2=" " tag="260"><subfield code="a">New York, John Willey &amp; Sons, Inc., 1976. X + 744 P</subfield></datafield><datafield ind1=" " ind2=" " tag="490"><subfield code="a">A Wiley-interscience Publication</subfield></datafield><datafield ind1=" " ind2=" " tag="700"><subfield code="a">R.W.F.G Ross And J.F.Boott</subfield></datafield><datafield ind1=" " ind2=" " tag="852"><subfield code="a">45172</subfield></datafield></record></collection>